
@article{borisevich_ideal_2014,
	title = {On ideal and optimum cascades of gas centrifuges with variable overall separation factors},
	volume = {116},
	issn = {0009-2509},
	url = {http://www.sciencedirect.com/science/article/pii/S0009250914002413},
	doi = {10.1016/j.ces.2014.05.031},
	abstract = {It is demonstrated that the total flow in the optimum cascade composed of three different types of gas centrifuges with varied separative performance levels and overall separation factors varying over the cascade stages is less than that in the corresponding ideal (non-mixing) cascade. The data obtained make it possible to use the parameters of the optimum cascade to find the operational mode for the cascade stages that provides the minimum total flow in a separation cascade.},
	language = {en},
	urldate = {2019-12-10},
	journal = {Chemical Engineering Science},
	author = {Borisevich, V. D. and Borshchevskiy, M. A. and Zeng, S. and Jiang, D.},
	month = sep,
	year = {2014},
	keywords = {Gas centrifuge, Ideal cascade, Optimum cascade, Total flow},
	pages = {465--472},
	file = {ScienceDirect Snapshot:C\:\\Users\\Vlad\\Zotero\\storage\\WPNF2NHN\\S0009250914002413.html:text/html}
}

@article{__2019,
	title = {Топливный Цикл Легководного Реактора С Полным Использованием Регенерированного Урана},
	volume = {8},
	issn = {2304-487X},
	url = {https://elibrary.ru/item.asp?id=41475940},
	doi = {10.1134/S2304487X19060075},
	abstract = {Рассмотрена проблема многократного рециклирования урана в топливном цикле реакторов на тепловых нейтронах. Основные пути повторного использования выделенного из отработавшего топлива регенерированного урана связаны с его обогащением по целевому делящемуся изотопу 235U в каскадах газовых центрифуг. Однако этот процесс технически затруднителен из-за присутствия в его изотопном составе искусственных изотопов 232, 236U, а также повышенного по отношению к природному урану содержания 234U. Из-за накладываемых на содержание указанных изотопов ограничений, связанных с требованиями к радиационным и нейтронно-физическим характеристикам низкообогащенного урана, при попытке многократного рецикла регенерированного урана возникают препятствия для полного возврата материала в цикл с использованием предложенных на сегодняшний момент схем его обогащения. Это обуславливает необходимость поиска новых схем обогащения регенерата, позволяющих решать указанную проблему. В работе на основе модифицированного двойного каскада предложен способ, позволяющий получить продукт, удовлетворяющий ограничениям по всем четным изотопам урана, и расходующий на его производство заданное количество регенерата. Предложенную схему каскада целесообразно использовать в условиях многократного рецикла урана, начиная со второго рецикла, а также в условиях постоянного производства регенерированного топлива для парка реакторов на тепловых нейтронах.},
	language = {ru},
	number = {6},
	urldate = {2019-12-24},
	journal = {Вестник Национального Исследовательского Ядерного Университета Мифи},
	author = {Невиница, В. А. and Смирнов, А. Ю. and Сулаберидзе, Г. А. and Гусев, В. Е. and Павловичев, А. М. and Щеренко, А. И. and Родионова, Е. В. and Бландинский, В. Ю.},
	year = {2019},
	keywords = {Двойной Каскад, Многопоточный Каскад, Обогащение Урана, Оят, Разделительный Каскад, Регенерированный Уран, Double Cascade, Multi-Flow Cascade, Reprocessed Uranium, Separation Cascades Theory, Snf},
	pages = {498--506}
}

@article{__1987,
	title = {Возможные процедуры гарантий МАГАТЭ для АЭС с реактором ВВЭР-1000},
	number = {Препринт ЦНИИатоминформ-М-1-87},
	author = {Ермаков, С.В. and Бумблис, И.И. and Пыхтин, Ю.Д.},
	year = {1987},
	file = {19096169.pdf:C\:\\Users\\Vlad\\Zotero\\storage\\IISDQHVB\\19096169.pdf:application/pdf}
}

@article{__2012,
	title = {Каскадные схемы в задачах исследования закономерностей изменения изотопного состава многократно регенерированного урана},
	volume = {3},
	number = {5},
	author = {Смирнов, А. Ю. and Сулаберидзе, Г. А. and Невиница, В. А.},
	year = {2012},
	pages = {396--403},
	file = {YFEN0396-annotated.pdf:C\:\\Users\\Vlad\\Zotero\\storage\\S6HHQLFK\\YFEN0396-annotated.pdf:application/pdf}
}